@InProceedings{detr,
author="Carion, Nicolas
and Massa, Francisco
and Synnaeve, Gabriel
and Usunier, Nicolas
and Kirillov, Alexander
and Zagoruyko, Sergey",
title="End-to-End Object Detection with Transformers",
booktitle="Computer Vision -- ECCV 2020",
month={Nov.},
year="2020",
publisher="Springer International Publishing",
pages="213--229",
isbn="978-3-030-58452-8"
}

@arxiv{yolox,
Author = {Zheng Ge and Songtao Liu and Feng Wang and Zeming Li and Jian Sun},
Title = {YOLOX: Exceeding YOLO Series in 2021},
Year = {2021},
month = {Jul.},
Eprint = {arXiv:2107.08430},
}

@arxiv{yolov3,
Author = {Joseph Redmon and Ali Farhadi},
Title = {YOLOv3: An Incremental Improvement},
Year = {2018},
month={Apr.},
Eprint = {arXiv:1804.02767},
}

@InProceedings{coco2017,
author="Lin, Tsung-Yi
and Maire, Michael
and Belongie, Serge
and Hays, James
and Perona, Pietro
and Ramanan, Deva
and Doll{\'a}r, Piotr
and Zitnick, C. Lawrence",
title="Microsoft COCO: Common Objects in Context",
booktitle="Computer Vision -- ECCV 2014",
year="2014",
month={May},
pages="740--755",
}
